[gd_scene load_steps=16 format=2]

[ext_resource path="res://game/systems/collision_system.tscn" type="PackedScene" id=1]
[ext_resource path="res://game/systems/movement_system.tscn" type="PackedScene" id=2]
[ext_resource path="res://game/systems/asteroid_hit_system.tscn" type="PackedScene" id=3]
[ext_resource path="res://game_tests/test_collision_system.gd" type="Script" id=4]
[ext_resource path="res://game/systems/rotating_system.tscn" type="PackedScene" id=5]
[ext_resource path="res://game/entities/small_asteroid.tscn" type="PackedScene" id=6]
[ext_resource path="res://game/systems/shield_hit_system.tscn" type="PackedScene" id=7]
[ext_resource path="res://game/entities/planet.tscn" type="PackedScene" id=8]
[ext_resource path="res://game/systems/player_hit_system.tscn" type="PackedScene" id=9]
[ext_resource path="res://game/entities/station.tscn" type="PackedScene" id=10]
[ext_resource path="res://game/entities/orbit_controller.tscn" type="PackedScene" id=11]
[ext_resource path="res://game/entities/shield.tscn" type="PackedScene" id=12]
[ext_resource path="res://game/systems/moveto_system.tscn" type="PackedScene" id=13]
[ext_resource path="res://game/systems/smoothing_system.tscn" type="PackedScene" id=14]
[ext_resource path="res://gs_ecs/group.gd" type="Script" id=15]

[node name="TestCollisionSystem" type="Node2D"]
script = ExtResource( 4 )

[node name="SmallAsteroid1" parent="." instance=ExtResource( 6 )]
position = Vector2( -120, 240 )

[node name="SmallAsteroid2" parent="." instance=ExtResource( 6 )]
position = Vector2( -120, 100 )

[node name="SmallAsteroid3" parent="." instance=ExtResource( 6 )]
position = Vector2( -120, 380 )

[node name="Planet" parent="." instance=ExtResource( 8 )]
position = Vector2( 300, 380 )

[node name="Planet2" parent="." instance=ExtResource( 10 )]
position = Vector2( 300, 100 )

[node name="Systems" type="Node" parent="."]
script = ExtResource( 15 )

[node name="RotatingSystem" parent="Systems" instance=ExtResource( 5 )]

[node name="SmoothingSystem" parent="Systems" instance=ExtResource( 14 )]

[node name="MoveToSystem" parent="Systems" instance=ExtResource( 13 )]

[node name="MovementSystem" parent="Systems" instance=ExtResource( 2 )]

[node name="OrbitController" parent="." instance=ExtResource( 11 )]
position = Vector2( 240, 240 )
ORBIT_RADIUS = 20
ORBIT_NODES = 4
ORBIT_SCENE = ExtResource( 12 )

[node name="Node2D" type="Node2D" parent="."]
position = Vector2( 240, 240 )

[node name="Physics" type="Node" parent="."]
script = ExtResource( 15 )

[node name="CollisionSystem" parent="Physics" instance=ExtResource( 1 )]

[node name="AsteroidHitSystem" parent="Physics" instance=ExtResource( 3 )]

[node name="PlayerHitSystem" parent="Physics" instance=ExtResource( 9 )]

[node name="ShieldHitSystem" parent="Physics" instance=ExtResource( 7 )]
